<record><leader>00000cas a22000007a 4500</leader><controlfield tag="001">2253238</controlfield><controlfield tag="008">760620d19731980mnuwr ne      0    0eng d</controlfield><datafield ind1=" " ind2=" " tag="010"><subfield code="a">sn 89064513 </subfield></datafield><datafield ind1=" " ind2=" " tag="040"><subfield code="a">MUL</subfield><subfield code="b">eng</subfield><subfield code="c">MUL</subfield><subfield code="d">MN#</subfield><subfield code="d">OCLCQ</subfield><subfield code="d">OCLCF</subfield><subfield code="d">OCLCO</subfield></datafield><datafield ind1="1" ind2=" " tag="029"><subfield code="a">AU@</subfield><subfield code="b">000025858253</subfield></datafield><datafield ind1=" " ind2=" " tag="042"><subfield code="a">msc</subfield></datafield><datafield ind1=" " ind2=" " tag="043"><subfield code="a">n-us-mn</subfield></datafield><datafield ind1=" " ind2=" " tag="052"><subfield code="a">4144</subfield><subfield code="b">R87</subfield><subfield code="b">P4</subfield></datafield><datafield ind1=" " ind2=" " tag="052"><subfield code="a">4143</subfield><subfield code="b">M6</subfield></datafield><datafield ind1="0" ind2="4" tag="245"><subfield code="a">The Royalton banner-Pierz journal.</subfield></datafield><datafield ind1="1" ind2="7" tag="246"><subfield code="a">Banner-journal</subfield></datafield><datafield ind1="3" ind2="0" tag="246"><subfield code="a">Pierz journal</subfield></datafield><datafield ind1=" " ind2=" " tag="260"><subfield code="a">Little Falls, Minn. :</subfield><subfield code="b">Frederick C. Schilplin,</subfield><subfield code="c">1973-1980.</subfield></datafield><datafield ind1=" " ind2=" " tag="300"><subfield code="a">6 v.</subfield></datafield><datafield ind1="0" ind2=" " tag="362"><subfield code="a">Vol. 1, no. 1 (May 3, 1973)-v. 6, no. 12 (July 11, 1980).</subfield></datafield><datafield ind1=" " ind2=" " tag="530"><subfield code="a">Available on microfilm from the Minnesota Historical Society.</subfield></datafield><datafield ind1=" " ind2="0" tag="651"><subfield code="a">Little Falls (Minn.)</subfield><subfield code="v">Newspapers.</subfield></datafield><datafield ind1=" " ind2="7" tag="655"><subfield code="a">Newspapers.</subfield><subfield code="2">fast</subfield><subfield code="0">(OCoLC)fst01423814</subfield></datafield><datafield ind1=" " ind2="7" tag="651"><subfield code="a">Minnesota</subfield><subfield code="z">Little Falls.</subfield><subfield code="2">fast</subfield><subfield code="0">(OCoLC)fst01220176</subfield></datafield><datafield ind1=" " ind2=" " tag="752"><subfield code="a">United States</subfield><subfield code="b">Minnesota</subfield><subfield code="c">Morrison</subfield><subfield code="d">Little Falls.</subfield></datafield><datafield ind1="0" ind2="4" tag="780"><subfield code="t">Pierz journal</subfield><subfield code="w">(DLC)sn 89064511</subfield></datafield><datafield ind1="0" ind2="4" tag="780"><subfield code="t">Royalton banner</subfield><subfield code="w">(DLC)sn 89064512</subfield></datafield><datafield ind1="0" ind2="4" tag="785"><subfield code="t">Little Falls daily transcript</subfield><subfield code="w">(DLC)sn 83016584</subfield></datafield></record>